@article{Amundson2019,
    author =       {C.L. Amundson and P.L Flint and R. A. Stehn and R. M. Platte and H. M. Wilson and W. W. Larned and J. B. Fischer},
    title =        {Spatio-temporal population change of Arctic-breeding waterbirds on the Arctic Coastal Plain of Alaska},
    journal =      {Avian Conservation and Ecology},
    volume =       {14(1)},
    pages =        {18},
    year =         {2019},
    doi =          {10.5751/ACE-01383140118}

}

@techreport{Brackney1993,
    author =       {A.W. Brackney and R.J. King},
    title =        {Aerial breeding pair surveys of the Arctic Coastal Plain of Alaska, 1992},
    year =         {1993},
    organization = {USFWS, Migratory Bird Management},
    address   = {Fairbanks, Alaska},
    url       = {https://www.arlis.org/docs/vol1/FWS/A/213375107/609888633-1993.pdf}

}

@article{Bart2013,
    author =       {J.R. Bart and R.M. Platte and B. Andres and S. Brown and J.A. Johnson and W.W. Larned},
    title =        {Importance of the National Petroleum Reserve-Alaska for Aquatic Birds},
    journal =      {Conservation Biology},
    volume =       {27},
    pages =        {1304--1312},
    year =         {2013}


}


@article{Chesser2024,
    author =       {R Terry Chesser and Shawn M Billerman and Kevin J Burns and Carla Cicero and Jon L Dunn and Blanca E Hernandez-Banos and Rosa Alicia Jimenez and Oscar Johnson and Andrew W Kratter and Nicholas A Mason and Pamela C Rasmussen and JV Remsen Jr},
    title =        {Sixty-fifth Supplement to the American Ornithological Society’s Check-list of North American Birds},
    journal =      {Ornithology},
    volume =       {141(3)},
    pages =        {},
    year =         {2024},
    doi =          {10.1093/ornithology/ukae019}

}

@book{Cochran1977,
    author    = {W. G. Cochran},
    title     = {Sampling techniques},
    year      = {1977},
    publisher = {John Wiley & Sons},
    address   = {New York, New York}
}

@article{Eisenhauer1977,
    author =       {D.I. Eisenhauer and C.M. Kirkpatrick},
    title =        {Coordinated aerial and ground surveys document long-term recovery of geese and eiders on the Yukon–Kuskokwim Delta, Alaska, 1985–2014},
    journal =      {Wildlife Monographs},
    volume =       {57},
    pages =        {},
    year =         {1977},
    doi =          {10.21199/SWB3.7}

}


@techreport{Eldridge2003,
    author =       {W.D. Eldridge},
    title =        {Population Indices, Trends and Distribution of Geese, Swans and Cranes on the Yukon-Kuskokwim Delta from Aerial Surveys, 1985-2002},
    year =         {2003},
    organization = {USFWS, Migratory Bird Management},
    address   = {Anchorage, Alaska},
    url       = {https://www.arlis.org/docs/vol1/FWS/2003/1493344038.pdf}

}


@article{Ely1994,
    author =       {C.R. Ely and C.P. Dau, C. P. and C.A. Babcock},
    title =        {Decline in a population of Spectacled Eiders nesting on the Yukon-Kuskokwim Delta, Alaska},
    journal =      {Northwest Naturalist},
    volume =       {75},
    pages =        {81--87},
    year =         {1994},
    doi =          {}

}

@article{Fischer2018,
    author =       {J.B. Fischer and R.A. Stehn and T.D. Bowman and R.M. Platte and W.D. Eldridge and J.I. Hodges and W.I. Butler Jr},
    title =        {Coordinated aerial and ground surveys document long-term recovery of geese and eiders on the Yukon–Kuskokwim Delta, Alaska, 1985–2014},
    journal =      {Studies of Western Birds 3, Western Field Ornithologists},
    volume =       {3},
    pages =        {148--160},
    year =         {2018},
    doi =          {10.21199/SWB3.7}

}

@article{Gill_Handel1990,
    author =       {R.E. Gill, R. E. Jr and C.M. Handel},
    title =        {The importance of subarctic intertidal habitats to shorebirds: a study of the central Yukon–Kuskokwim Delta, Alaska},
    journal =      {Condor},
    volume =       {92},
    pages =        {709--725},
    year =         {1990},
    doi =          {10.2307/1368690}

}

@misc{r-akaerial,
    author    = {Charles Frost},
    title     = {AKaerial: Analysis of Alaska Region Aerial Survey Data},
    year      = {2024},
    note      = {R package version 1.0.1},
    url       = {https://github.com/USFWS/AKaerial}
}

@misc{Hodges2015Record,
    author    = {J.I. Hodges},
    title     = {RECORD/TRANSCRIBE Custom Software, Version 10.2},
    year      = {2015},
    note      = {RECORD/TRANSCRIBE 10.2},
    url       = {}

}

@article{Johnson2007,
    author =       {J.A. Johnson and R.B. Lanctot and B.A. Andres and J.R. Bart and S.C. Brown and S.J. Kendall and D.C. Payer},
    title =        {Distribution of breeding shorebirds on the Arctic Coastal Plain of Alaska},
    journal =      {Arctic},
    volume =       {60},
    pages =        {277--293},
    year =         {2007}

}

@article{Jorgenson2018,
  title={Drivers of Landscape Changes in Coastal Ecosystems on the Yukon-Kuskokwim Delta, Alaska},
  author={T.M. Jorgenson and G.V. Frost and D. Dissing},
  journal={Remote Sensing},
  year={2018},
  publisher={MDPI},
  doi = {https://doi.org/10.3390/rs10081280}
}

@article{King1981,
  title=	{Waterfowl and their habitats in the eastern Bering Sea, in The Eastern Bering Sea Shelf: Oceanography and Resources, Vol. 2 (D. W. Hood and J. A. Calder, eds.)},
  author=	{J.G. King and C.P. Dau},
  journal=	{Transactions of the North American Wildlife Natural Resource Conference},
  year=		{1981},
  publisher=	{Univ. of Wash. Press, Seattle},
  pages =       {739--753},
  doi = {}
}

@article{King1986,
  title={Alaska goose populations: Past, present and future},
  author={J.G. King and D.V. Derksen},
  journal={Transactions of the North American Wildlife Natural Resource Conference},
  year={1986},
  publisher={},
  doi = {}
}

@techreport{Larned2006,
    author =       {W.W. Larned and R.A. Stehn and R.M. Platte},
    title =        {Eider breeding population survey, Arctic Coastal Plain, Alaska, 2006},
    year =         {2006},
    organization = {USFWS, Migratory Bird Management},
    address   = {Anchorage, Alaska},
    url       = {https://www.arlis.org/docs/vol1/FWS/A/213375107/609897140-2006.pdf}

}

@techreport{Larned2008,
    author =       {W.W. Larned and R.A. Stehn and R.M. Platte},
    title =        {Eider breeding population survey, Arctic Coastal Plain, Alaska, 2007},
    year =         {2008},
    organization = {USFWS, Migratory Bird Management},
    address   = {Anchorage, Alaska},
    url       = {https://www.arlis.org/docs/vol1/FWS/A/213375107/213375107-2007.pdf}

}

@techreport{Larned2012,
    author =       {W.W. Larned and R.A. Stehn and R.M. Platte},
    title =        {Waterfowl breeding population survey, Arctic Coastal Plain, Alaska, 2011},
    year =         {2012},
    organization = {USFWS, Migratory Bird Management},
    address   = {Anchorage, Alaska},
    url       = {https://www.north-slope.org/wp-content/uploads/2022/04/acp2011rpt.pdf}
}

@techreport{Mallek2007,
    author =       {E.J. Mallek and R.M. Platte and R.A. Stehn},
    title =        {Aerial breeding pair surveys of the Arctic Coastal Plain of Alaska – 2006},
    year =         {2007},
    organization = {USFWS, Migratory Bird Management},
    address   = {Fairbanks, Alaska},
    url       = {https://www.arlis.org/docs/vol1/FWS/A/213375107/609888633-2006.pdf}
}

@article{miller2025bayesian,
  title={Bayesian views of generalized additive modelling},
  author={Miller, David L},
  journal={Methods in Ecology and Evolution},
  year={2025},
  publisher={Wiley Online Library},
  doi = {https://doi.org/10.1111/2041-210X.14498}
}

@misc{osnasgithub,
  author = {E.E. Osnas},
  title = {ACP-Mapping},
  year = {2024a},
  url = {https://github.com/USFWS/ACP-Mapping},
  commit = {0915e32b4cfb90f485d1a7211b2116bce973dcd3}


}

@techreport{Osnas2024,
    author =       {E.E. Osnas},
    title =        {Steller's eider population and density estimates from the Arctic Coastal Plain and Utqiagvik Triangle surveys using generalized additive models},
    year =         {2024b},
    organization = {USFWS, Migratory Bird Management},
    address   =    {Anchorage, Alaska},
    doi =          {10.7944/3vzp-0r93}

}

@techreport{PlatteStehn2015},
    author =       {R.M. Platte and R.A. Stehn},
    title =        {Abundance and Trend of Waterbirds on Alaska’s Yukon-Kuskokwim Delta Coast based on 1988 to 2014 Aerial Surveys},
    year =         {2015},
    organization = {USFWS, Migratory Bird Management},
    address   =    {Anchorage, Alaska},
    doi =          {}

} 

@article{Pamplin1986},
  title={Cooperative efforts to halt population declines of geese nesting on Alaska’s Yukon-Kuskokwim Delta.},
  author={W.L. Pamplin Jr},
  journal={Transactions of the North American Wildlife Natural Resources Conference},
   volume =       {51},
   pages =        {487--506},
   year =         {1986}

}

@misc{r-akaerial,
    author    = {Charles Frost},
    title     = {AKaerial: Analysis of Alaska Region Aerial Survey Data},
    year      = {2024},
    note      = {R package version 1.0.1},
    url       = {https://github.com/USFWS/AKaerial}

}

@Manual{R,
    author = {{R Core Team}},    
    title = {R: A Language and Environment for Statistical Computing},
    year      = {2024},
    organization = {R Foundation for Statistical Computing},
    address = {Vienna, Austria},
    note      = {R package version 4.1.0},
    url       = {https://www.R-project.org/}
}

@techreport{Safine2013,
    author =       {D.E. Safine},
    title =        {Breeding ecology of Steller’s and spectacled eiders nesting near Barrow, Alaska, 2012},
    year =         {2013},
    organization = {USFWS, Ecological Services},
    address   = {Fairbanks, Alaska},
    url       = {https://www.north-slope.org/wp-content/uploads/2022/04/Barrow_Report_2012_final.pdf}
}


@article{SaalfeldYKD2017,
    author =       {S.T. Saalfeld and J.B. Fischer and R.A. Stehn and R.M. Platte and S.C. Brown},
    title =        {Predicting Waterbird Nest Distributions on the Yukon–Kuskokwim Delta of Alaska},
    journal =      {Journal of Wildlife Management},
    volume =       {81(8)},
    pages =        {1468--1481},
    year =         {2017},
    doi =          {10.1002/jwmg.21322}
}

@article{smith2021north,
  title={North American Breeding Bird Survey status and trend estimates to inform a wide range of conservation needs, using a flexible Bayesian hierarchical generalized additive model},
  author={Smith, Adam C and Edwards, Brandon PM},
  journal={The Condor},
  volume={123},
  number={1},
  pages={duaa065},
  year={2021},
  publisher={Oxford University Press US}
}

@article{Stehn1993YKD,
    author =       {R.A. Stehn and C.P. Dau and C.P. Conant and W. I. Butler},
    title =        {Decline of Spectacled Eiders nesting in western Alaska.},
    journal={Arctic},
    volume={48},
    number={},
    pages={264--277},
    year={1993},
    publisher={}

}

@techreport{Swaim2017,
    author =       {M.A. Swaim},
    title =        {Abundance and Trend of Waterbird Populations on the Yukon-Kuskokwim Delta, Alaska, 1988–2016},
    year =         {2017},
    organization = {USFWS},
    address   = {USFWS, Migratory Bird Management},
    url       = {}
}

@article{Timm1979,
  title={Productivity, mortality, distribution, and population status of Pacific Flyway White-fronted Geese, in Management and Biology of Pacific Flyway Geese (R.L. Jarvis and J.C. Bartonek, eds.)},
  author={D.E. Timm and C.P. Dau},
  journal={The Condor},
  volume={123},
  number={1},
  pages={280--298},
  year={1979},
  publisher={Oregon State University Book Stores Inc, Corvallis OR}

}

@Manual{H2,
    title = {FWS H2 User Guide},
    author = {SWYM, LLC},
    year = {2021},
    note = {Version 1.3},
    url = {}
}

@techreport{Troy1997,
    author =       {D. Troy},
    title =        {Distribution and abundance of spectacled eiders in the vicinity of Prudhoe Bay,     Alaska: 1996 Status Report},
    year =         {1997},
    organization = {Troy Ecological Res. Assoc.},
    address   = {Anchorage, Alaska},
    url       = {https://www.arlis.org/docs/vol1/K/946893302.pdf}

}

@techreport{USFWS1996,
    author =       {USFWS},
    title =        {Spectacled Eider Recovery Plan},
    year =         {1996},
    organization = {USFWS},
    address   = {Anchorage, Alaska},
    url       = {https://ecos.fws.gov/docs/recovery_plan/960812.pdf}
}

@techreport{USFWS2002,
    author =       {USFWS},
    title =        {Steller's Eider Recovery Plan},
    year =         {2002},
    organization = {USFWS},
    address   = {Fairbanks, Alaska},
url       = {https://www.adfg.alaska.gov/static/species/specialstatus/pdfs/stellerseider_2003_recovery.pdf}
}

@techreport{USFWSandCWS1987,
    author =       {USFWS and CWS},
    title =        {Standard Operating procedures for aerial waterfowl breeding ground population and habitat surveys},
    year =         {1987},
    organization = {USFWS, Migratory Bird Management},
    address   = {Laurel, Maryland},
    url       = {https://www.arlis.org/docs/vol1/29066994/29066994a.pdf}
}

@techreport{Wilson2017,
    author =       {H.M. Wilson and R.A. Stehn and J.B. Fischer},
    title =        {Aerial survey detection rates for spectacled eiders on the Arctic Coastal Plain, Alaska},
    year =         {2017},
    organization = {USFWS, Migratory Bird Management},
    address   = {Anchorage, Alaska},
    url       = {https://www.arlis.org/docs/vol1/FWS/2017/1493363085.pdf}

}

@techreport{Wilson2018,
    author =       {H.M. Wilson and W.W. Larned and M.A. Swaim},
    title =        {Abundance and trends of waterbird breeding populations on the Arctic Coastal Plain, Alaska, 1986-2017},
    year =         {2018},
    organization = {USFWS, Migratory Bird Management},
    address   = {Anchorage, Alaska},
    url       = {https://www.arlis.org/docs/vol1/FWS/2018/1492731214.pdf}
}


@Manual{r-mgcv,
  author    = {Simon N. Wood},
  title     = {mgcv: Mixed GAM Computation Vehicle with Automatic Smoothness Estimation},
  year      = {2021},
  note      = {R package version 1.8-36},
  url       = {https://CRAN.R-project.org/package=mgcv}
}

@book{wood2017,
  author = {Simon N. Wood},
  title = {Generalized Additive Models: An Introduction with R, Second Edition},
  year = {2017},
  publisher = {Chapman and Hall/CRC},
  address = {Boca Raton, Florida}
}


